@book{Cormen,
author = {Thomas H. Cormen and Charles E. Leiserson and Ronald L. Rivest and Clifford Stein},
title = {Introduction to Algorithms},
publisher = {the MIT Press},
year = 2009,
edition = 3
}
